@online{NTT_ingeterfastmultiplication,
  author = {Zhang Jinrui},
  title  = {NTT fast polynomial multiplication},
  year   = {2024},
  note   = {
            Source: \url{https://github.com/unjerry/firstattempt/tree/master/products}. \\
            Docs: \url{file:packed_projects/temporary/zahlen.cpp}
            }
}
@misc{firstApproachANN,
  title        = {A Simple ANN made by C++},
  author       = {Zhang Jinrui},
  howpublished = {\url{https://github.com/unjerry/firstattempt/blob/master/products/temporary/20230213_artificial_neural_network_test.cpp}},
  note         = {Accessed: 2024-10-21}
}
@online{PINNwork1,
  author = {Zhang Jinrui},
  title  = {A Simple ANN made by C++},
  year   = {2024},
  note   = {
            Source: \url{file:packed_projects/lzp_mod_by_zjr/}. \\
            Docs: \url{file:packed_projects/lzp_mod_by_zjr/fluidflow1.mp4}
            }
}
@online{PINNwork2,
  author = {Zhang Jinrui},
  title  = {A Simple ANN made by C++},
  year   = {2024},
  note   = {
            Source: \url{https://github.com/unjerry/pinn_playground/blob/pinndemo/pinndemo/burgers.py}. \\
            Docs: \url{file:packed_projects/pinndemo/Figure_1.png}
            }
}
@misc{zhang2024differentialinformedautoencoder,
  title         = {Differential Informed Auto-Encoder},
  author        = {Jinrui Zhang},
  year          = {2024},
  eprint        = {2410.18593},
  archiveprefix = {arXiv},
  primaryclass  = {cs.LG},
  url           = {https://arxiv.org/abs/2410.18593}
}
